<record><leader>00000cas a2200000 a 4500</leader><controlfield tag="001">30122088</controlfield><controlfield tag="008">940412d194u1955iluwr ne      0   a0eng c</controlfield><datafield ind1=" " ind2=" " tag="010"><subfield code="a">sn 94054236 </subfield></datafield><datafield ind1=" " ind2=" " tag="040"><subfield code="a">NVF</subfield><subfield code="b">eng</subfield><subfield code="c">NVF</subfield><subfield code="d">DLC</subfield><subfield code="d">CVF</subfield><subfield code="d">NVF</subfield><subfield code="d">OCLCQ</subfield><subfield code="d">OCLCF</subfield><subfield code="d">OCLCO</subfield><subfield code="d">NVF</subfield><subfield code="d">OCLCO</subfield><subfield code="d">OCL</subfield></datafield><datafield ind1=" " ind2=" " tag="042"><subfield code="a">pcc</subfield></datafield><datafield ind1=" " ind2=" " tag="043"><subfield code="a">n-us-il</subfield></datafield><datafield ind1="0" ind2=" " tag="130"><subfield code="a">News (Skokie, Ill. : 1943)</subfield></datafield><datafield ind1="1" ind2="4" tag="245"><subfield code="a">The news.</subfield></datafield><datafield ind1=" " ind2=" " tag="260"><subfield code="a">Skokie, Ill. :</subfield><subfield code="b">Greater Niles Center Pub. Co.</subfield></datafield><datafield ind1=" " ind2=" " tag="300"><subfield code="a">v.</subfield></datafield><datafield ind1=" " ind2=" " tag="310"><subfield code="a">Weekly</subfield></datafield><datafield ind1="0" ind2=" " tag="362"><subfield code="a">-v. 31, no. 45 (Nov. 10, 1955).</subfield></datafield><datafield ind1=" " ind2=" " tag="580"><subfield code="a">Split into: Skokie news, and: Niles news, and: Morton Grove news, and: Lincolnwood news.</subfield></datafield><datafield ind1=" " ind2=" " tag="588"><subfield code="a">Description based on: Vol. 19, no. 1 (Jan. 8, 1943).</subfield></datafield><datafield ind1=" " ind2="0" tag="651"><subfield code="a">Skokie (Ill.)</subfield><subfield code="v">Newspapers.</subfield></datafield><datafield ind1=" " ind2="0" tag="651"><subfield code="a">Morton Grove (Ill.)</subfield><subfield code="v">Newspapers.</subfield></datafield><datafield ind1=" " ind2="0" tag="651"><subfield code="a">Lincolnwood (Ill.)</subfield><subfield code="v">Newspapers.</subfield></datafield><datafield ind1=" " ind2="0" tag="651"><subfield code="a">Niles (Ill.)</subfield><subfield code="v">Newspapers.</subfield></datafield><datafield ind1=" " ind2="0" tag="651"><subfield code="a">Golf (Ill.)</subfield><subfield code="v">Newspapers.</subfield></datafield><datafield ind1=" " ind2="0" tag="651"><subfield code="a">Niles (Ill. : Township)</subfield><subfield code="v">Newspapers.</subfield></datafield><datafield ind1=" " ind2="7" tag="651"><subfield code="a">Illinois</subfield><subfield code="z">Niles (Township)</subfield><subfield code="2">fast</subfield><subfield code="0">(OCoLC)fst01340871</subfield></datafield><datafield ind1=" " ind2="7" tag="651"><subfield code="a">Illinois</subfield><subfield code="z">Golf.</subfield><subfield code="2">fast</subfield><subfield code="0">(OCoLC)fst01282951</subfield></datafield><datafield ind1=" " ind2="7" tag="651"><subfield code="a">Illinois</subfield><subfield code="z">Lincolnwood.</subfield><subfield code="2">fast</subfield><subfield code="0">(OCoLC)fst01268949</subfield></datafield><datafield ind1=" " ind2="7" tag="651"><subfield code="a">Illinois</subfield><subfield code="z">Morton Grove.</subfield><subfield code="2">fast</subfield><subfield code="0">(OCoLC)fst01217904</subfield></datafield><datafield ind1=" " ind2="7" tag="651"><subfield code="a">Illinois</subfield><subfield code="z">Niles.</subfield><subfield code="2">fast</subfield><subfield code="0">(OCoLC)fst01229201</subfield></datafield><datafield ind1=" " ind2="7" tag="651"><subfield code="a">Illinois</subfield><subfield code="z">Skokie.</subfield><subfield code="2">fast</subfield><subfield code="0">(OCoLC)fst01206854</subfield></datafield><datafield ind1=" " ind2="7" tag="655"><subfield code="a">Newspapers.</subfield><subfield code="2">fast</subfield><subfield code="0">(OCoLC)fst01423814</subfield></datafield><datafield ind1=" " ind2=" " tag="752"><subfield code="a">United States</subfield><subfield code="b">Illinois</subfield><subfield code="c">Cook</subfield><subfield code="d">Skokie.</subfield></datafield><datafield ind1="0" ind2="0" tag="780"><subfield code="t">Niles Township news</subfield><subfield code="w">(DLC)sn 94054235</subfield><subfield code="w">(OCoLC)30121530</subfield></datafield><datafield ind1="0" ind2="5" tag="780"><subfield code="t">Skokie press</subfield><subfield code="w">(DLC)sn 94054230</subfield><subfield code="w">(OCoLC)30121297</subfield></datafield><datafield ind1="0" ind2="5" tag="780"><subfield code="t">Lincolnwood press</subfield><subfield code="w">(DLC)sn 94054231</subfield><subfield code="w">(OCoLC)30121358</subfield></datafield><datafield ind1="0" ind2="5" tag="780"><subfield code="t">Morton Grove press</subfield><subfield code="w">(DLC)sn 94054232</subfield><subfield code="w">(OCoLC)30121392</subfield></datafield><datafield ind1="1" ind2="6" tag="785"><subfield code="t">Skokie news</subfield><subfield code="w">(DLC)sn 94054237</subfield><subfield code="w">(OCoLC)9192052</subfield></datafield><datafield ind1="1" ind2="6" tag="785"><subfield code="t">Niles news</subfield><subfield code="w">(DLC)sn 94054238</subfield><subfield code="w">(OCoLC)30122561</subfield></datafield><datafield ind1="1" ind2="6" tag="785"><subfield code="t">Morton Grove news</subfield><subfield code="w">(DLC)sn 94054239</subfield><subfield code="w">(OCoLC)30122832</subfield></datafield><datafield ind1="1" ind2="6" tag="785"><subfield code="t">Lincolnwood news</subfield><subfield code="w">(DLC)sn 94054240</subfield><subfield code="w">(OCoLC)30122972</subfield></datafield><datafield ind1="1" ind2=" " tag="029"><subfield code="a">AU@</subfield><subfield code="b">000011281081</subfield></datafield></record>